<?xml version="1.0" encoding="UTF-8"?><collection xmlns="http://www.loc.gov/MARC21/slim"><record><leader>00336nam--2200121-i-4500</leader><controlfield tag="001">000036612</controlfield><controlfield tag="002">20161230</controlfield><controlfield tag="005">20161230201041</controlfield><controlfield tag="008">060222s1000------------r-----000-0-eng-d</controlfield><datafield ind1=" " ind2=" " tag="100"><subfield code="a">Ponthus,Louis</subfield></datafield><datafield ind1=" " ind2=" " tag="245"><subfield code="a">Circuits de comptage a base de diiodes tunnel. these</subfield></datafield><datafield ind1=" " ind2=" " tag="260"><subfield code="a">Lyon, La Faculte De Sciences De L`Univ.,1964.146p</subfield></datafield><datafield ind1=" " ind2=" " tag="852"><subfield code="a">22791</subfield></datafield></record></collection>